@article{DBLP:journals/corr/abs-1907-12204,
  author       = {Tansu Alpcan},
  title        = {A Template and Suggestions for Writing Easy-to-Read Research Articles},
  journal      = {CoRR},
  volume       = {abs/1907.12204},
  year         = {2019},
  url          = {http://arxiv.org/abs/1907.12204},
  eprinttype    = {arXiv},
  eprint       = {1907.12204},
  timestamp    = {Thu, 01 Aug 2019 08:59:33 +0200},
  biburl       = {https://dblp.org/rec/journals/corr/abs-1907-12204.bib},
  bibsource    = {dblp computer science bibliography, https://dblp.org}
}